@article{anowar2015joint,
  title={Joint Econometric Analysis of Temporal and Spatial Flexibility of Activities, Vehicle Type Choice, and Primary Driver Selection},
  author={Anowar, Sabreena and Eluru, Naveen and Miranda-Moreno, Luis F and Lee-Gosselin, Martin},
  journal={Transportation Research Record},
  volume={2495},
  number={1},
  pages={32--41},
  year={2015},
  publisher={SAGE Publications Sage CA: Los Angeles, CA}
}

@article{wallsten2015competitive,
  title={The competitive effects of the sharing economy: how is Uber changing taxis},
  author={Wallsten, Scott},
  journal={Technology Policy Institute},
  volume={22},
  pages={1--21},
  year={2015}
}

@article{cramer2016disruptive,
  title={Disruptive change in the taxi business: The case of Uber},
  author={Cramer, Judd and Krueger, Alan B},
  journal={American Economic Review},
  volume={106},
  number={5},
  pages={177--82},
  year={2016}
}

@article{camerer1997labor,
  title={Labor supply of New York City cabdrivers: One day at a time},
  author={Camerer, Colin and Babcock, Linda and Loewenstein, George and Thaler, Richard},
  journal={The Quarterly Journal of Economics},
  volume={112},
  number={2},
  pages={407--441},
  year={1997},
  publisher={MIT Press}
}

@inproceedings{zhang2016bicycle,
  title={Bicycle-sharing system analysis and trip prediction},
  author={Zhang, Jiawei and Pan, Xiao and Li, Moyin and Philip, S Yu},
  booktitle={2016 17th IEEE international conference on mobile data management (MDM)},
  volume={1},
  pages={174--179},
  year={2016},
  organization={IEEE}
}

@article{faghih2017hail,
  title={Hail a cab or ride a bike? A travel time comparison of taxi and bicycle-sharing systems in New York City},
  author={Faghih-Imani, Ahmadreza and Anowar, Sabreena and Miller, Eric J and Eluru, Naveen},
  journal={Transportation Research Part A: Policy and Practice},
  volume={101},
  pages={11--21},
  year={2017},
  publisher={Elsevier}
}